<record><leader>00000cas a2200000 a 4500</leader><controlfield tag="001">7907101</controlfield><controlfield tag="008">811104d18671867mauwr n       0   a0eng c</controlfield><datafield ind1=" " ind2=" " tag="010"><subfield code="a">sn 95072053 </subfield></datafield><datafield ind1=" " ind2=" " tag="040"><subfield code="a">BTI</subfield><subfield code="b">eng</subfield><subfield code="c">BTI</subfield><subfield code="d">RHN</subfield><subfield code="d">NVJ</subfield><subfield code="d">NVK</subfield><subfield code="d">MGN</subfield><subfield code="d">OCL</subfield><subfield code="d">OCLCQ</subfield><subfield code="d">KRTAS</subfield><subfield code="d">CUI</subfield><subfield code="d">OCLCQ</subfield><subfield code="d">OCLCF</subfield><subfield code="d">OCLCO</subfield></datafield><datafield ind1="1" ind2=" " tag="029"><subfield code="a">AU@</subfield><subfield code="b">000025900784</subfield></datafield><datafield ind1=" " ind2=" " tag="042"><subfield code="a">pcc</subfield></datafield><datafield ind1=" " ind2=" " tag="043"><subfield code="a">n-us-ma</subfield></datafield><datafield ind1=" " ind2="4" tag="050"><subfield code="a">BX7101</subfield></datafield><datafield ind1="0" ind2="4" tag="245"><subfield code="a">The Congregationalist and recorder.</subfield></datafield><datafield ind1="1" ind2="3" tag="246"><subfield code="a">Congregationalist and Boston recorder</subfield></datafield><datafield ind1=" " ind2=" " tag="260"><subfield code="a">Boston, Mass. :</subfield><subfield code="b">W.L. Greene &amp; Co.,</subfield><subfield code="c">1867.</subfield></datafield><datafield ind1=" " ind2=" " tag="300"><subfield code="a">v.</subfield></datafield><datafield ind1=" " ind2=" " tag="310"><subfield code="a">Weekly</subfield></datafield><datafield ind1="0" ind2=" " tag="362"><subfield code="a">Vol. 19, no. 21 (May 24, 1867)-v. 19, no. 35 (Aug. 30, 1867) = vol. 52, no. 21-v. 52, no. 35.</subfield></datafield><datafield ind1=" " ind2=" " tag="515"><subfield code="a">Continues the v. numbering of both previous titles.</subfield></datafield><datafield ind1=" " ind2=" " tag="525"><subfield code="a">Has occasional supplements.</subfield></datafield><datafield ind1=" " ind2="0" tag="650"><subfield code="a">Congregational churches</subfield><subfield code="z">Massachusetts</subfield><subfield code="v">Newspapers.</subfield></datafield><datafield ind1=" " ind2="0" tag="651"><subfield code="a">Boston (Mass.)</subfield><subfield code="v">Newspapers.</subfield></datafield><datafield ind1=" " ind2="7" tag="655"><subfield code="a">Newspapers.</subfield><subfield code="2">fast</subfield><subfield code="0">(OCoLC)fst01423814</subfield></datafield><datafield ind1=" " ind2="7" tag="650"><subfield code="a">Congregational churches.</subfield><subfield code="2">fast</subfield><subfield code="0">(OCoLC)fst00875181</subfield></datafield><datafield ind1=" " ind2="7" tag="651"><subfield code="a">Massachusetts.</subfield><subfield code="2">fast</subfield><subfield code="0">(OCoLC)fst01204307</subfield></datafield><datafield ind1=" " ind2="7" tag="651"><subfield code="a">Massachusetts</subfield><subfield code="z">Boston.</subfield><subfield code="2">fast</subfield><subfield code="0">(OCoLC)fst01205012</subfield></datafield><datafield ind1=" " ind2=" " tag="752"><subfield code="a">United States</subfield><subfield code="b">Massachusetts</subfield><subfield code="c">Suffolk</subfield><subfield code="d">Boston.</subfield></datafield><datafield ind1="0" ind2="8" tag="776"><subfield code="i">Online version:</subfield><subfield code="t">Congregationalist and recorder</subfield><subfield code="w">(OCoLC)605963848</subfield></datafield><datafield ind1="0" ind2="4" tag="780"><subfield code="t">Boston recorder (Boston, Mass. : 1858)</subfield><subfield code="w">(OCoLC)7906953</subfield></datafield><datafield ind1="0" ind2="4" tag="780"><subfield code="t">Congregationalist (Boston, Mass. : 1854)</subfield><subfield code="w">(DLC)sn 96095033</subfield></datafield><datafield ind1="0" ind2="0" tag="785"><subfield code="t">Congregationalist and Boston recorder</subfield><subfield code="w">(DLC)sn 95072054</subfield></datafield><datafield ind1=" " ind2=" " tag="938"><subfield code="a">Kirtas Technologies, Inc.</subfield><subfield code="b">KRTS</subfield><subfield code="n">855952</subfield></datafield></record>